@BOOK{crochiere+rabiner1983,
    author = {{Crochiere}, R. and {Rabiner}, L. ~R.},
    title = "{Multirate Digital Signal Processing}",
publisher = {Englewood Cliffs, N.J., Prentice-Hall, Inc., 1983.~336 p.},
    year = 1983,
}

@ARTICLE{dick2000,
    author = {{Dick}, C.},
    title = "{High-Performance 1024-Point Complex FFT/IFFT V2.0}",
    journal = {Xilinx Application Note},
    year = 2000,
    url = {http://www.xilinx.com}
}

@INPROCEEDINGS{heiles_et_al2004,
   author = {{Heiles}, C. and {Goldston}, J. and {Mock}, J. and {Parsons}, A. and 
    {Stanimirovic}, S. and {Werthimer}, D.},
    title = "{GALFA Hardware and Calibration Techniques}",
booktitle = {Bulletin of the American Astronomical Society},
     year = 2004,
    month = dec,
    pages = {1476-+},
   adsurl = {http://adsabs.harvard.edu/cgi-bin/nph-bib_query?bibcode=2004AAS...205.7807H&db_key=AST},
  adsnote = {Provided by the Smithsonian/NASA Astrophysics Data System}
}

@BOOK{rabiner_gold1975,
   author = {{Rabiner}, L.~R. and {Gold}, B.},
    title = "{Theory and application of digital signal processing}",
publisher = {Englewood Cliffs, N.J., Prentice-Hall, Inc., 1975.~777 p.},
     year = 1975,
   adsurl = {http://adsabs.harvard.edu/cgi-bin/nph-bib_query?bibcode=1975tads.book.....R&db_key=AST},
  adsnote = {Provided by the Smithsonian/NASA Astrophysics Data System}
}

@INPROCEEDINGS{vaidyanathan1990,
    author = {{Vaidyanathan}, P. ~P.},
    title = "{Multirate Digital Filters, Filter Banks, Polyphase Networks, and Applications}",
    booktitle = {IEEE},
    volume = 78,
    pages = {56-93},
    month = jan,
    year = 1990
}
    
@ARTICLE{daddario2001,
    author = {{D'Addario}, L.}, 
    title = "{Correlators: General Design Considerations}", 
    journal = {ATA Memo},
    number = 24, 
    month = mar,
    year = 2001,
    url = {http://ral.berkeley.edu/ata/memos/}
}

@INPROCEEDINGS{so_broderson2006,
    author = {{So}, K.~H. and {Brodersen}, R. W.}, 
    title = "{Improving Usability of FPGA-Based Reconfigurable Computers through Operating System Support}",
    booktitle = {16th International Conference on Field Programmable Logic and Applications},
    year = 2006,
    pages = {349-354}
}

@PHDTHESIS{so2007,
   author = {{So}, K.~H.},
    title = "{BORPH: An Operating System for FPGA-Based Reconfigurable Computers}",
   school = {Berkeley Wireless Research Center, UC Berkeley, CA.},
     year = 2007,
    month = October,
   adsurl = {http://adsabs.harvard.edu/abs/1984PhDT........50C},
  adsnote = {Provided by the SAO/NASA Astrophysics Data System}
}
@ARTICLE{so_et_al2006,
    author = {{So}, H. and {Tkachenko}, A. and {Brodersen}, R.}, 
    title = "{A Unified Hardware/Software Runtime Environment for FPGA-Based Reconfigurable Computers using BORPH}",
    journal = {CODES+ISSS},
    year = 2006,
    note = {Forthcoming}
}

@ARTICLE{mishra_et_al2005,
    author = {{Mishra}, S. and {\`Eabri\ae}, D. and {Chang}, C. and {Willkomm}, D. and {van Schewick}, B. and {Wolisz}, A. and {Brodersen}, R.}, 
    title = "{A Real Time Cognitive Radio Testbed for Physical and Link Layer Experiments}",
    journal = {IEEE DySPAN},
    month = nov,
    day = {8-11},
    year = 2005,
    url = {http://bwrc.eecs.berkeley.edu/Research/Cognitive/DySPAN_SMM_final.pdf
}
}

@BOOK{brigham1988,
   author = {{Brigham}, E.~O.},
    title = "{The fast Fourier transform and its applications.}",
publisher = {Englewood Cliffs, N.J.: Prentice-Hall, 1988},
     year = 1988,
   adsurl = {http://adsabs.harvard.edu/cgi-bin/nph-bib_query?bibcode=1988ffti.book.....B&db_key=AST},
  adsnote = {Provided by the Smithsonian/NASA Astrophysics Data System}
}
@ARTICLE{chang_et_al2005,
    author = {{Chang}, C. and {Wawrzynek}, J. and {Brodersen}, R. ~W.},
    title =  "{BEE2: A High-End Reconfigurable Computing System}",
    journal = {IEEE Design and Test of Computers},
    volume = 22,
    number = 2,
    pages = {114-125},
    month = {Mar./Apr.},
    year = 2005,
    url = {http://bwrc.eecs.berkeley.edu/Publications/2005/JOURNALS/c.chang/cheng.bee2.pdf}
}

@INPROCEEDINGS{demorest_et_al2004,
   author = {{Demorest}, P. and {Ramachandran}, R. and {Backer}, D. and {Ferdman}, R. and 
    {Stairs}, I. and {Nice}, D.},
    title = "{Precision Pulsar Timing and Gravity Waves: Recent Advances in Instrumentation}",
booktitle = {Bulletin of the American Astronomical Society},
     year = 2004,
    month = dec,
    pages = {1598-+},
    url = {http://www.ursi.org/Proceedings/ProcGA05/pdf/J06.8(01696).pdf},
   adsurl = {http://adsabs.harvard.edu/cgi-bin/nph-bib_query?bibcode=2004AAS...20514901D&db_key=AST},
  adsnote = {Provided by the Smithsonian/NASA Astrophysics Data System}
}

@MISC{wiki_ATA,
    url = {http://en.wikipedia.org/wiki/Allen_Telescope_Array}
}

@MISC{EVLA1,
    url = {http://www.aoc.nrao.edu/evla/admin/reviews/correlatorcodr/evla_corr_codr_panel_report_v6.pdf}
}

@MISC{EVLA2,
    url = {http://www.aoc.nrao.edu/evla/geninfo/meetings/correlator/ftof-fall06/EVLAcorr_F2F-Oct31-06-1_CurrstateHWDev_Carlson.pdf}
}

@TECHREPORT{hall2006,
    editor = {{Hall}, P.},
    title = "{SKA Demonstrators, Pathfinders and Design Studies EWG Comments on 2006 Updates}",
    journal = {SKA Memo},
    number = 86, 
    month = oct,
    year = 2006,
    pages = {14-29},
    url = {http://www.skatelescope.org/PDF/memos/EWG_SKA_demonstrators_2006_v1a.pdf}
}

@INPROCEEDINGS{bradley_et_al2005,
   author = {{Bradley}, R. and {Backer}, D. and {Parsons}, A. and {Parashare}, C. and 
    {Gugliucci}, N.~E.},
    title = "{PAPER: A Precision Array to Probe the Epoch of Reionization}",
booktitle = {Bulletin of the American Astronomical Society},
     year = 2005,
    month = dec,
    pages = {1216-+},
   adsurl = {http://adsabs.harvard.edu/cgi-bin/nph-bib_query?bibcode=2005AAS...207.3301B&db_key=AST},
  adsnote = {Provided by the Smithsonian/NASA Astrophysics Data System}
}

@MISC{grp_2_1,
    title = "{California Climate Action Registry: General Reporting Protocol, Version 2.1}",
    month = jun,
    year = 2006,
    url = {http://www.climateregistry.org/docs/PROTOCOLS/GRP%20V2.1.pdf}
}

@INPROCEEDINGS{parsons_et_al2006,
   author = {{Parsons}, A. and {Backer}, D. and {Chang}, C. and {Chapman}, D. and {Chen}, H. and {Crescini}, P. and {de Jesus}, C. and {Dick}, C. and {Droz}, P. and {MacMahon}, D. and {Meder}, K. and {Mock}, J. and {Nagpal}, V. and {Nikolic}, B. and {Parsa}, A. and {Richards}, B. and {Siemion}, A. and {Wawrzynek}, J. and {Werthimer}, D. and {Wright}, M.},
    title = "{PetaOp/Second FPGA Signal Processing for SETI and Radio Astronomy}",
booktitle = {Asilomar Conference on Signals and Systems, Pacific Grove, CA},
     year = 2006,
    month = nov,
    pages = {2031-2035}
}

@ARTICLE{furlanetto_et_al2006,
   author = {{Furlanetto}, S.~R. and {Oh}, S.~P. and {Briggs}, F.~H.},
    title = "{Cosmology at low frequencies: The 21 cm transition and the high-redshift Universe}",
  journal = {Phys.~Rep.},
   eprint = {arXiv:astro-ph/0608032},
     year = 2006,
    month = oct,
   volume = 433,
    pages = {181-301},
      doi = {10.1016/j.physrep.2006.08.002},
   adsurl = {http://adsabs.harvard.edu/abs/2006PhR...433..181F},
  adsnote = {Provided by the Smithsonian/NASA Astrophysics Data System}
}

@ARTICLE{shull_et_al1995,
   author = {{Shull}, J.~M. and {Stocke}, J.~T. and {Penton}, S.},
    title = "{Intergalactic Hydrogen Clouds at Low-Redshift: Connections To Voids And Dwarf Galaxies}",
  journal = {ArXiv Astrophysics e-prints},
   eprint = {astro-ph/9510054},
     year = 1995,
    month = oct,
   adsurl = {http://adsabs.harvard.edu/abs/1995astro.ph.10054S},
  adsnote = {Provided by the Smithsonian/NASA Astrophysics Data System}
}

@INPROCEEDINGS{briggs_2004,
   author = {{Briggs}, F.~H.},
    title = "{Intergalactic HI Clouds}",
booktitle = {Recycling Intergalactic and Interstellar Matter},
     year = 2004,
   series = {IAU Symposium},
   volume = 217,
   editor = {{Duc}, P.-A. and {Braine}, J. and {Brinks}, E.},
    month = jun,
    pages = {26-+},
   adsurl = {http://adsabs.harvard.edu/abs/2004IAUS..217...26B},
  adsnote = {Provided by the Smithsonian/NASA Astrophysics Data System}
}

@BOOK{blackman_tukey1958,
   author = "Blackman, R.B. and J.W. Tukey",
   title = "The measurement of power spectra",
   publisher = "Dover Publications Inc.",
   year = 1958,
   where="Holthuijsen",
}

@ARTICLE{yen1974,
   author = {{Yen}, J.~L.},
    title = "{The Role of Fast Fourier Transform Computers in Astronomy}",
  journal = {A\&AS},
     year = 1974,
    month = jun,
   volume = 15,
    pages = {483-+},
   adsurl = {http://adsabs.harvard.edu/abs/1974A%26AS...15..483Y},
  adsnote = {Provided by the Smithsonian/NASA Astrophysics Data System}
}

@BOOK{rybicki_lightman1979,
   author = {{Rybicki}, G.~B. and {Lightman}, A.~P.},
    title = "{Radiative processes in astrophysics}",
publisher = {New York, Wiley-Interscience, 1979.~393 p.},
     year = 1979,
   adsurl = {http://adsabs.harvard.edu/abs/1979rpa..book.....R},
  adsnote = {Provided by the Smithsonian/NASA Astrophysics Data System}
}

@BOOK{thompson_et_al2001,
   author = {{Thompson}, A.~R. and {Moran}, J.~M. and {Swenson}, Jr., G.~W.
    },
    title = "{Interferometry and Synthesis in Radio Astronomy, 2nd Edition}",
publisher = {New York, Wiley-Interscience, 2001.~692 p.},
     year = 2001,
   adsurl = {http://adsabs.harvard.edu/abs/2001isra.book.....T},
  adsnote = {Provided by the Smithsonian/NASA Astrophysics Data System}
}

@ARTICLE{backer_et_al1997,
   author = {{Backer}, D.~C. and {Dexter}, M.~R. and {Zepka}, A. and {Ng}, D. and 
    {Werthimer}, D.~J. and {Ray}, P.~S. and {Foster}, R.~S.},
    title = "{A Programmable 36-MHz Digital Filter Bank for Radio Science}",
  journal = {PASP},
     year = 1997,
    month = jan,
   volume = 109,
    pages = {61-68},
   adsurl = {http://adsabs.harvard.edu/abs/1997PASP..109...61B},
  adsnote = {Provided by the Smithsonian/NASA Astrophysics Data System}
}

@ARTICLE{jenet_anderson1998,
   author = {{Jenet}, F.~A. and {Anderson}, S.~B.},
    title = "{The Effects of Digitization on Nonstationary Stochastic Signals with Applications to Pulsar Signal Baseband Recording}",
  journal = {PASP},
     year = 1998,
    month = dec,
   volume = 110,
    pages = {1467-1478},
   adsurl = {http://adsabs.harvard.edu/abs/1998PASP..110.1467J},
  adsnote = {Provided by the Smithsonian/NASA Astrophysics Data System}
}

@TECHREPORT{xilinx_ug024,
    title = "{RocketIO Tranceiver User Guide (UG024 V2.5)}",
    type = {Xilinx User Guide},
    year = 2004,
    month = dec,
    pages = {104-105},
    organization = {Xilinx},
    address = {http://www.xilinx.com}
}

@TECHREPORT{xilinx_ds083,
    title = "{Virtex-II Pro and Virtex-II Pro X Platform FPGAs: Functional Description (DS083-2 V4.5)}",
    type = "Xilinx Data Sheet",
    year = 2005,
    month = oct,
    pages = {10-12},
    organization = {Xilinx},
    address = {http://www.xilinx.com}
}

@ARTICLE{weinreb_1961,
   author = {{Weinreb}, S.},
    title = "{Digital Radiometer}",
     year = 1961,
   journal = {Proc. IEEE},
   volume = 49,
    number = 6,
    pages = {1099},
}

@ARTICLE{parsons2008,
    author = {{Parsons}, A.}, 
    title = "{The Symmetric Group in Data Permutation, with Applications to a High-Bandwidth Streaming FFT Architecture}",
    note = {Forthcoming, 2008.}
}

@PHDTHESIS{chapiro1984,
   author = {{Chapiro}, D.~M.},
    title = "{Globally-Asynchronous Locally-Synchronous Systems}",
   school = {Stanford Univ., CA.},
     year = 1984,
    month = October,
   adsurl = {http://adsabs.harvard.edu/abs/1984PhDT........50C},
  adsnote = {Provided by the SAO/NASA Astrophysics Data System}
}

@ARTICLE{luis_et_al2007,
 author = {{Plana}, L.~A. and {Furber}, S.~B. and {Temple}, S. and {Khan}, M. and {Shi}, Y. and {Wu}, J. and {Yang}, S.},
 title = "{A GALS Infrastructure for a Massively Parallel Multiprocessor}",
 journal = {IEEE Des. Test},
 volume = {24},
 number = {5},
 year = {2007},
 issn = {0740-7475},
 pages = {454--463},
 doi = {http://dx.doi.org/10.1109/MDT.2007.149},
 publisher = {IEEE Computer Society Press},
 address = {Los Alamitos, CA, USA},
}

@ARTICLE{wright2005,
    author = {{Wright}, M.}, 
    title = "{Real Time Imaging}", 
    journal = {SKA Memo},
    number = 60, 
    month = may,
    year = 2005,
    url = {http://astron.berkeley.edu/~mwright}
}

@INPROCEEDINGS{sault_et_al1995,
   author = {{Sault}, R.~J. and {Teuben}, P.~J. and {Wright}, M.~C.~H.},
    title = "{A Retrospective View of MIRIAD}",
booktitle = {Astronomical Data Analysis Software and Systems IV},
     year = 1995,
   series = {Astronomical Society of the Pacific Conference Series},
   volume = 77,
   editor = {{Shaw}, R.~A. and {Payne}, H.~E. and {Hayes}, J.~J.~E.},
    pages = {433-+},
   adsurl = {http://adsabs.harvard.edu/abs/1995ASPC...77..433S},
  adsnote = {Provided by the SAO/NASA Astrophysics Data System}
}

@PROCEEDINGS{taylor_et_al1999,
   editor = {{Taylor}, G.~B. and {Carilli}, C.~L. and {Perley}, R.~A.},
    title = "{Synthesis Imaging in Radio Astronomy II}",
booktitle = {Synthesis Imaging in Radio Astronomy II},
     year = 1999,
   series = {Astronomical Society of the Pacific Conference Series},
   volume = 180,
   editor = {{Taylor}, G.~B. and {Carilli}, C.~L. and {Perley}, R.~A.},
   adsurl = {http://adsabs.harvard.edu/abs/1999ASPC..180.....T},
  adsnote = {Provided by the SAO/NASA Astrophysics Data System}
}

@TECHREPORT{cornwell_et_al_2003,
   author = {{Cornwell}, T.~J. and {Golap}, K. and {Bhatnagar}, S.},
    title = "{W-Projection: A New Algorithm for Non-Coplanar Baselines}",
    type = {EVLA Memo},
    number = 67,
    year = 2003,
}

@INPROCEEDINGS{cornwell_et_al_2005_347,
   author = {{Cornwell}, T.~J. and {Golap}, K. and {Bhatnagar}, S.},
    title = "{W Projection: A New Algorithm for Wide Field Imaging with Radio Synthesis Arrays}",
booktitle = {Astronomical Data Analysis Software and Systems XIV},
     year = 2005,
   series = {Astronomical Society of the Pacific Conference Series},
   volume = 347,
   editor = {{Shopbell}, P. and {Britton}, M. and {Ebert}, R.},
    month = dec,
    pages = {86-+},
   adsurl = {http://adsabs.harvard.edu/abs/2005ASPC..347...86C},
  adsnote = {Provided by the Smithsonian/NASA Astrophysics Data System}
}

@INPROCEEDINGS{cornwell_et_al_2005_345,
   author = {{Cornwell}, T.~J. and {Golap}, K. and {Bhatnagar}, S.},
    title = "{Wide Field Imaging: Fourier and Fresnel}",
booktitle = {Astronomical Society of the Pacific Conference Series},
     year = 2005,
   series = {Astronomical Society of the Pacific Conference Series},
   volume = 345,
   editor = {{Kassim}, N. and {Perez}, M. and {Junor}, W. and {Henning}, P.
    },
    month = dec,
    pages = {350-+},
   adsurl = {http://adsabs.harvard.edu/abs/2005ASPC..345..350C},
  adsnote = {Provided by the Smithsonian/NASA Astrophysics Data System}
}

@ARTICLE{cornwell_evans1985,
   author = {{Cornwell}, T.~J. and {Evans}, K.~F.},
    title = "{A simple maximum entropy deconvolution algorithm}",
  journal = {\aap},
     year = 1985,
    month = feb,
   volume = 143,
    pages = {77-83},
   adsurl = {http://adsabs.harvard.edu/abs/1985A%26A...143...77C},
  adsnote = {Provided by the SAO/NASA Astrophysics Data System}
}

@ARTICLE{sault1990,
   author = {{Sault}, R.~J.},
    title = "{A modification of the Cornwell and Evans maximum entropy algorithm}",
  journal = {\apjl},
     year = 1990,
    month = may,
   volume = 354,
    pages = {L61-L63},
      doi = {10.1086/185723},
   adsurl = {http://adsabs.harvard.edu/abs/1990ApJ...354L..61S},
  adsnote = {Provided by the SAO/NASA Astrophysics Data System}
}

@ARTICLE{hogbom1974,
   author = {{H{\"o}gbom}, J.~A.},
    title = "{Aperture Synthesis with a Non-Regular Distribution of Interferometer Baselines}",
  journal = {\aaps},
     year = 1974,
    month = jun,
   volume = 15,
    pages = {417-+},
   adsurl = {http://adsabs.harvard.edu/abs/1974A%26AS...15..417H},
  adsnote = {Provided by the SAO/NASA Astrophysics Data System}
}

@ARTICLE{gorski2005,
   author = {{G{\'o}rski}, K.~M. and {Hivon}, E. and {Banday}, A.~J. and 
    {Wandelt}, B.~D. and {Hansen}, F.~K. and {Reinecke}, M. and 
    {Bartelmann}, M.},
    title = "{HEALPix: A Framework for High-Resolution Discretization and Fast Analysis of Data Distributed on the Sphere}",
  journal = {\apj},
   eprint = {arXiv:astro-ph/0409513},
     year = 2005,
    month = apr,
   volume = 622,
    pages = {759-771},
      doi = {10.1086/427976},
   adsurl = {http://adsabs.harvard.edu/abs/2005ApJ...622..759G},
  adsnote = {Provided by the SAO/NASA Astrophysics Data System}
}

@ARTICLE{gorski1999,
   author = {{G{\'o}rski}, K.~M. and {Wandelt}, B.~D. and {Hansen}, F.~K. and 
    {Hivon}, E. and {Banday}, A.~J.},
    title = "{The HEALPix Primer}",
  journal = {ArXiv Astrophysics e-prints},
   eprint = {astro-ph/9905275},
     year = 1999,
    month = may,
   adsurl = {http://adsabs.harvard.edu/abs/1999astro.ph..5275G},
  adsnote = {Provided by the SAO/NASA Astrophysics Data System}
}
